@article{gajentaan1995class,
    title={On a class of {O}$(n^2)$ problems in computational geometry},
    author={Gajentaan, Anka and Overmars, Mark H},
    journal={Computational geometry},
    volume={5},
    number={3},
    pages={165--185},
    year={1995},
    publisher={Elsevier}
}

@article{barequet2001polygon,
    title={Polygon Containment and Tranlational In-{H}ausdorf-Distance between Segment Sets are {3SUM}-Hard},
    author={Barequet, Gill and Har-Peled, Sariel},
    journal={International Journal of Computational Geometry \& Applications},
    volume={11},
    number={04},
    pages={465--474},
    year={2001},
    publisher={World Scientific}
}

@misc{TheOpenP60:online,
    title = {The Open Problems Project},
    author = {Demaine, Erik D. and Mitchell, Joseph S. B. and O'Rourke, Joseph},
    howpublished = {\url{http://cs.smith.edu/~jorourke/TOPP/}},
    month = {09},
    year = {2017},
    note = {(Accessed on 2020/07/30)}
}


@misc{TheOpenP60:onlineP11,
    title = {The Open Problems Project - Problem 11: {3SUM} Hard Problems},
    author = {Demaine, Erik D. and Mitchell, Joseph S. B. and O'Rourke, Joseph},
    howpublished = {\url{http://cs.smith.edu/~jorourke/TOPP/P11.html#Problem.11}},
    month = {09},
    year = {2017},
    note = {(Accessed on 2020/07/30)}
}

@misc{TheOpenP60:onlineP41,
    title = {The Open Problems Project - Problem 41: Sorting X + Y (Pairwise Sums)},
    author = {Demaine, Erik D. and Mitchell, Joseph S. B. and O'Rourke, Joseph},
    howpublished = {\url{http://cs.smith.edu/~jorourke/TOPP/P41.html#Problem.41}},
    month = {09},
    year = {2017},
    note = {(Accessed on 2020/07/30)}
}

@article{edelsbrunner1986constructing,
    title={Constructing arrangements of lines and hyperplanes with applications},
    author={Edelsbrunner, Herbert and O’Rourke, Joseph and Seidel, Raimund},
    journal={SIAM Journal on Computing},
    volume={15},
    number={2},
    pages={341--363},
    year={1986},
    publisher={SIAM}
}

@inproceedings{erickson1995lower,
    title={Lower Bounds for Linear Satisfiability Problems.},
    author={Erickson, Jeff and others},
    booktitle={SODA},
    pages={388--395},
    year={1995}
}

@article{harper1975sorting,
    title={Sorting x+ y},
    author={Harper, LH and Payne, Thomas H and Savage, John E. and Straus, E},
    journal={Communications of the ACM},
    volume={18},
    number={6},
    pages={347--349},
    year={1975},
    publisher={ACM New York, NY, USA}
}

@inproceedings{baran2005subquadratic,
    title={Subquadratic algorithms for {3SUM}},
    author={Baran, Ilya and Demaine, Erik D and Pǎtra{\c{s}}cu, Mihai},
    booktitle={Workshop on Algorithms and Data Structures},
    pages={409--421},
    year={2005},
    organization={Springer}
}

@article{ailon2005lower,
    title={Lower bounds for linear degeneracy testing},
    author={Ailon, Nir and Chazelle, Bernard},
    journal={Journal of the ACM (JACM)},
    volume={52},
    number={2},
    pages={157--171},
    year={2005},
    publisher={ACM New York, NY, USA}
}

@misc{grnlund2014threesomes,
    title={Threesomes, Degenerates, and Love Triangles},
    author={Allan Grønlund and Seth Pettie},
    year={2014},
    eprint={1404.0799},
    archivePrefix={arXiv},
    primaryClass={cs.DS}
}

@article{freund2017improved,
    title={Improved subquadratic {3SUM}},
    author={Freund, Ari},
    journal={Algorithmica},
    volume={77},
    number={2},
    pages={440--458},
    year={2017},
    publisher={Springer}
}

@InProceedings{gold_et_al:LIPIcs:2017:7836,
    author =	{Omer Gold and Micha Sharir},
    title =	{Improved Bounds for {3SUM}, {k-SUM}, and Linear Degeneracy},
    booktitle =	{25th Annual European Symposium on Algorithms (ESA 2017)},
    pages =	{42:1--42:13},
    series =	{Leibniz International Proceedings in Informatics (LIPIcs)},
    ISBN =	{978-3-95977-049-1},
    ISSN =	{1868-8969},
    year =	{2017},
    volume =	{87},
    editor =	{Kirk Pruhs and Christian Sohler},
    publisher =	{Schloss Dagstuhl--Leibniz-Zentrum fuer Informatik},
    address =	{Dagstuhl, Germany},
    URL =		{http://drops.dagstuhl.de/opus/volltexte/2017/7836},
    URN =		{urn:nbn:de:0030-drops-78364},
    doi =		{10.4230/LIPIcs.ESA.2017.42},
    annote =	{Keywords: 3SUM, k-SUM, Linear Degeneracy, Linear Decision Trees, Fractional Cascading}
}

@article{chan2019more,
    title={More logarithmic-factor speedups for {3SUM},(median,+)-convolution, and some geometric {3SUM}-hard problems},
    author={Chan, Timothy M},
    journal={ACM Transactions on Algorithms (TALG)},
    volume={16},
    number={1},
    pages={1--23},
    year={2019},
    publisher={ACM New York, NY, USA}
}

@misc{kane2017nearoptimal,
    title={Near-optimal linear decision trees for {k-SUM} and related problems},
    author={Daniel M. Kane and Shachar Lovett and Shay Moran},
    year={2017},
    eprint={1705.01720},
    archivePrefix={arXiv},
    primaryClass={cs.CG}
}

@misc{kopelowitz2014higher,
    title={Higher Lower Bounds from the {3SUM} Conjecture},
    author={Tsvi Kopelowitz and Seth Pettie and Ely Porat},
    year={2014},
    eprint={1407.6756},
    archivePrefix={arXiv},
    primaryClass={cs.DS}
}

@inproceedings{wadayama2008gradient,
    title={Gradient descent bit flipping algorithms for decoding {LDPC} codes},
    author={Wadayama, Tadashi and Nakamura, Keisuke and Yagita, Masayuki and Funahashi, Yuuki and Usami, Shogo and Takumi, Ichi},
    booktitle={2008 International Symposium on Information Theory and Its Applications},
    pages={1--6},
    year={2008},
    organization={IEEE}
}

@article{san2011exact,
    title={An exact bit-parallel algorithm for the maximum clique problem},
    author={San Segundo, Pablo and Rodr{\'\i}guez-Losada, Diego and Jim{\'e}nez, Agust{\'\i}n},
    journal={Computers \& Operations Research},
    volume={38},
    number={2},
    pages={571--581},
    year={2011},
    publisher={Elsevier}
}

@article{san2013improved,
    title={An improved bit parallel exact maximum clique algorithm},
    author={San Segundo, Pablo and Matia, Fernando and Rodriguez-Losada, Diego and Hernando, Miguel},
    journal={Optimization Letters},
    volume={7},
    number={3},
    pages={467--479},
    year={2013},
    publisher={Springer}
}

@article{takagi1987hardware,
    title={A hardware algorithm for computing sine and cosine using redundant binary representation},
    author={Takagi, Naofumi and Asada, Tohru and Yajima, Shuzo},
    journal={Systems and computers in Japan},
    volume={18},
    number={8},
    pages={1--9},
    year={1987},
    publisher={Wiley Online Library}
}

@article{hu2008binary,
    title={Binary-representation-based genetic algorithm for aircraft arrival sequencing and scheduling},
    author={Hu, Xiao-Bing and Di Paolo, Ezequiel},
    journal={IEEE Transactions on Intelligent Transportation Systems},
    volume={9},
    number={2},
    pages={301--310},
    year={2008},
    publisher={IEEE}
}

@ARTICLE{30711,
    author={{IEEE}},
    journal={ANSI/IEEE Std 754-1985},
    title={{IEEE} {S}tandard for Binary Floating-Point Arithmetic},
    year={1985},
    volume={},
    number={},
    pages={1-20}
}

@ARTICLE{4610935,
    author={{IEEE}},
    journal={IEEE Std 754-2008},
    title={{IEEE} {S}tandard for Floating-Point Arithmetic},
    year={2008},
    volume={},
    number={},
    pages={1-70}
}

@ARTICLE{8766229,
    author={{IEEE}},
    journal={IEEE Std 754-2019 (Revision of IEEE 754-2008)},
    title={{IEEE} {S}tandard for Floating-Point Arithmetic},
    year={2019},
    volume={},
    number={},
    pages={1-84}
}

@inproceedings{fredman1990blasting,
    title={Blasting through the information theoretic barrier with fusion trees},
    author={Fredman, Michael L and Willard, Dan E},
    booktitle={Proceedings of the twenty-second annual ACM symposium on Theory of Computing},
    pages={1--7},
    year={1990}
}

@phdthesis{wilkinson2015exploring,
    title={Exploring the problem space of orthogonal range searching},
    author={Wilkinson, Bryan T},
    year={2015},
    school={Department Office Computer Science, Aarhus University}
}

@inproceedings{han2002integer,
    title={Integer sorting in {O}$\left(n \sqrt{\log\log\left(n\right)}\right)$ expected time and linear space},
    author={Han, Yijie and Thorup, Mikkel},
    booktitle={The 43rd Annual IEEE Symposium on Foundations of Computer Science, 2002. Proceedings.},
    pages={135--144},
    year={2002},
    organization={IEEE}
}

@inproceedings{han2002deterministic,
    title={Deterministic sorting in {O}$\left(n \log\log\left(n\right)\right)$ time and linear space},
    author={Han, Yijie},
    booktitle={Proceedings of the thiry-fourth annual ACM symposium on Theory of computing},
    pages={602--608},
    year={2002}
}

@article{andersson2007dynamic,
    title={Dynamic ordered sets with exponential search trees},
    author={Andersson, Arne and Thorup, Mikkel},
    journal={Journal of the ACM (JACM)},
    volume={54},
    number={3},
    pages={13--es},
    year={2007},
    publisher={ACM New York, NY, USA}
}

@misc{Irration5:online,
    author = {Wolfram MathWorld},
    title = {Irrational Number -- from Wolfram MathWorld},
    howpublished = {\url{https://mathworld.wolfram.com/IrrationalNumber.html}},
    month = {},
    year = {},
    note = {(Accessed on 2020/09/05)}
}

@misc{PifromWo5:online,
    author = {Wolfram MathWorld},
    title = {Pi},
    howpublished = {\url{https://mathworld.wolfram.com/Pi.html}},
    month = {},
    year = {},
    note = {(Accessed on 2020/09/05)}
}
